@phdthesis{Barbosa04Thesis,
  author = {Ellen Francine Barbosa},
  title = {{Uma Contribuição ao Processo de Desenvolvimento e Modelagem de Módulos Educacionais}},
  school  = {Instituto de Ciências Matemáticas e de Computação -- ICMC/USP},
  type    = {Tese de Doutorado},
  address = {S\~ao Carlos, SP},
  year = {2004},
	month = mar
}

@ONLINE {ReactNativetableless,
    author = "TableLess",
    title  = {{React Native: Construa aplicações móveis nativas com JavaScript}},
    month  = "out",
    year   = "2019",
    url    = "https://tableless.com.br/react-native-construa-aplicacoes-moveis-nativas-com-javascript/"
}

@ONLINE {oQueEUI,
    author = "RaffCom",
    title  = {{QUAL A DIFERENÇA ENTRE UX E UI}},
    month  = "out",
    year   = "2019",
    url    = "https://www.raffcom.com.br/blog/qual-a-diferenca-entre-ux-e-ui/"
}

@ONLINE {agileManifesto,
    author = "Jim Highsmith",
    title  = {{History: The Agile Manifesto}},
    year   = "2001",
    url    = "https://agilemanifesto.org/history.html"
}

@article{RICHAMEHTA2016,
  title={MOBILE LEARNING FOR EDUCATION- BENEFITS AND CHALLENGES},
  author={Mehta, Richa},
  journal={International Research Journal Commerce arts science},
  volume={7},
  year={2016}
}

@article{CarmaMaia2008,
  title={WORK-BASED LEARNING: a nova geração do E-learning?},
  author={Maia, Carma},
  journal={Diálogo Educacional},
  volume={8},
  year={2008}
}

@article{scrumGuide,
  title={Guia do Scrum, Um guia definitivo para o Scrum:
As regras do jogo},
  author={Schwaber, Ken and Sutherland, Jeff},
  year={2014}
}

@book{Sommervile2010,
  title={Software Engineering. 9th. ed. USA},
  author={Sommervile, I.},
  isbn={0137035152},
  year={2010},
  publisher={Addison-Wesley Publishing Company}
}

@article{danielsson2016,
  title={React Native application development – A comparison between native Android and React Native},
  author={Danielsson, William},
  year={2016}
}

@article{sodebergJohansson,
  title={Evaluating performance of a React Native feature set},
  author={Söderberg, Jesper and Johansson, Erik},
  year={2018}
}

@article{karvonen2017,
  title={Native versus non native development
A comparison of React Native and Angular NativeScript to native mobile applications},
  author={Karvonen, Timothy L.},
  year={2017}
}

@ONLINE {UIoxford,
    author = "Oxford Dictionary, Online Learner",
    title  = {{User interface - Oxford Learners Dictionaries}},
    month  = "oct",
    year   = "2019",
    url    = "https://www.oxfordlearnersdictionaries.com/definition/english/ui"
}

@ONLINE {UXoxford,
    author = "Oxford Dictionary, Online Learner",
    title  = {{User experience - Oxford Learners Dictionaries}},
    month  = "oct",
    year   = "2019",
    url    = "https://www.oxfordlearnersdictionaries.com/definition/english/ux"
}

@article{marc2008,
  title={User Experience (UX): Towards an experiential perspective on product quality},
  author={Hassenzahl, Marc},
  year={2008}
}

@article{raaij2006,
  title={The acceptance and use of a virtual learning environmentin China},
  author={Raaij, Erik M. van and Schepers, Jeroen J.L.},
  year={2006}
}

@MastersThesis{Fioravanti2017_msc,
  author  = {Maria Lydia Fioravanti},
  title   = {{MLearning-PL: a pedagogical pattern language for mobile learning applications}},
  school  = {Institute of Mathematics and Computer Science -- ICMC/USP},
  year    = {2017},
  address = {S\~ao Carlos, SP},
  month   = dec,
}

@article{joo2015,
  title={A Study on the Mobile Game User
Characteristic and Mobile Game Oriented},
  journal={The Korea
Contents Society},
  author={Joo, heon-sik},
  year={2015}
}

@article{castilla2017,
  title={De la arquitectura de información a la experiencia de usuario: Su interrelación en el desarrollo de software de la Universidad de las Ciencias Informáticas},
  journal={E-Ciencias de la Información},
  author={Castilla, Liuris Rodríguez and Hernández, Delly Lien González and González, Yudeisy Pérez},
  volume={7},
  year={2017}
}

@inproceedings{Sharples2005TowardsAT,
  title={Towards a Theory of Mobile Learning},
  author={Mike Sharples and Josie Taylor and Giasemi N. Vavoula},
  year={2005}
}

@ONLINE {un2019,
    author = "ONU",
    title  = {{World Population Prospects 2019}},
    year   = "2019",
    url    = "https://population.un.org/wpp/Publications/Files/WPP2019_Highlights.pdf"
}

@ONLINE {ibgeIdososApps,
    author = "IBGE",
    title  = {{PNAD Contínua TIC 2017: Internet chega a três em cada quatro domicílios do país}},
    year   = "2018",
    url    = "https://agenciadenoticias.ibge.gov.br/agencia-sala-de-imprensa/2013-agencia-de-noticias/releases/23445-pnad-continua-tic-2017-internet-chega-a-tres-em-cada-quatro-domicilios-do-pais"
}

@ONLINE {ibgeSemFundamental,
    author = "IBGE",
    title  = {{PNAD Contínua 2016: 51\% da população com 25 anos ou mais do Brasil possuíam no máximo o ensino fundamental completo}},
    year   = "2017",
    url    = "https://agenciadenoticias.ibge.gov.br/agencia-sala-de-imprensa/2013-agencia-de-noticias/releases/18992-pnad-continua-2016-51-da-populacao-com-25-anos-ou-mais-do-brasil-possuiam-no-maximo-o-ensino-fundamental-completo"
}

@inproceedings{traxler2005defining,
  title={Defining mobile learning},
  author={Traxler, John},
  booktitle={IADIS International Conference Mobile Learning},
  pages={261--266},
  year={2005}
}

@article{hwang2011research,
  title={Research trends in mobile and ubiquitous learning: A review of publications in selected journals from 2001 to 2010},
  author={Hwang, Gwo-Jen and Tsai, Chin-Chung},
  journal={British Journal of Educational Technology},
  volume={42},
  number={4},
  pages={E65--E70},
  year={2011},
  publisher={Wiley Online Library}
}

@article{nilsson1980principles,
  title={Principles of Artificial Intelligence (Tioga, Palo Alto, CA)},
  author={Nilsson, Nils J},
  journal={Cal},
  year={1980}
}

@book{howard1998introduction,
  title={An introduction to stochastic modeling},
  author={Taylor, Howard and Karlin, Samuel},
  year={1998},
  publisher={Academic press}
}

@misc{wizium,
    author       = {Jean-Sébastien Gonsette},
    title        = {{Wizium}},
    month        = may,
    year         = 2019,
    version      = {1.0},
    url          = {https://github.com/jsgonsette/Wizium}
}

@ONLINE {HumanAnatomyAtlas,
    author = "VisibleBody",
    title  = {{Human Anatomy Atlas}},
    month  = "mar",
    year   = "2020",
    url    = "https://play.google.com/store/apps/details?id=com.visiblebody.atlas&hl=pt_BR"
}

@ONLINE {wcag,
    author = "WCAG",
    title  = {{WCAG}},
    month  = "jun",
    year   = "2018",
    url    = "https://www.w3.org/TR/WCAG21/"
}

@ONLINE {layoutGenerator,
    author = "Wehar, Michael and Livni, Itay and Blättler, Michael",
    title  = {{Crossword-Layout-Generator}},
    year   = "2018",
    url    = "https://github.com/MichaelWehar/Crossword-Layout-Generator"
}

@ONLINE {leew3c,
    author = "Berners-Lee, Tim",
    title  = {{World Wide Web Consortium (W3C) Launches International Web Accessibility Initiative}},
    year   = "1997",
    url    = "https://www.w3.org/Press/WAI-Launch.html"
}

@book{nielsenPrioritizingWebUsability,
  title={Prioritizing Web Usability},
  author={Nielsen, Jakob and Loranger, Hoa},
  year={2006},
  publisher={New Riders}
}

@article{dificuldadesIdosos,
  title={AS DIFICULDADES DOS IDOSOS COM DISPOSITIVOS MÓVEIS},
  author={Thielle Samai Santos Câmara and Gylnara Kylma Feitosa Carvalhêdo Almeida and Yonara Costa Magalhães and Will Ribamar Mendes Almeida},
  journal={Revista Ceuma Perspectivas},
  year={2017}
}

@ONLINE {NBCelderly,
    author = "Rob O’Brien",
    title  = {Smartphones struggle to connect with the elderly},
    year   = "2013",
    url    = "https://www.cnbc.com/2013/09/22/smartphones-struggle-to-connect-with-the-elderly.html"
}

@inbook{rethinkingTeacherEducation,
author = {Kramkowska, Emilia and Danilewicz, Wioleta and Prymak, Tomasz and Constâncio, João},
year = {2019},
month = {09},
pages = {381-397},
title = {Exploring Learning and Teaching Needs of Elderly People:: A Comparative Study},
isbn = {9783847422419},
doi = {10.2307/j.ctvpb3xhh.29}
}

@article{learn2teach,
author = {Koshy, Betty},
year = {2019},
month = {12},
pages = {108-116},
title = {LEARN TO TEACH AND TEACH TO LEARN},
volume = {12}
}

@book{Edukacja,
  title={Edukacja osób starszych. Seniorzy w przestrzeni nowych mediów},
  author={Łukasz Tomczyk},
  year={2015},
  isbn={978-83-8085-012-5},
  publisher={Difin}
}

@ONLINE {euromed,
    author = "EUROMED",
    title  = {Teaching older adults},
    year= {2013},
    url    = "https://www.euromedinfo.eu/teaching-older-adults.html/"
}

@ONLINE {RN,
    title  = {React Native},
    author = {ReactNative},
    year = {2015},
    url    = "https://reactnative.dev/"
}

@ONLINE {w3c,
    title  = {W3C},
    author = {W3C},
    year = {1994},
    url    = "https://www.w3.org/"
}