`@MastersThesis{Fioravanti2017_msc,
  author  = {Maria Lydia Fioravanti},
  title   = {{MLearning-PL: a pedagogical pattern language for mobile learning applications}},
  school  = {Institute of Mathematics and Computer Science -- ICMC/USP},
  year    = {2017},
  address = {S\~ao Carlos, SP},
  month   = dec,
}

@INPROCEEDINGS{Zamfirache2013, 
author={Zamfirache, Virgil and Olteanu, A and Tapus, Nicolae}, 
booktitle={11th Roedunet International Conference (RoEduNet 2013)}, 
title={{Collaborative learning assistant for Android}}, 
year={2013}, 
month={Jan}, 
pages={1--6}, 
doi={10.1109/RoEduNet.2013.6511757}, 
ISSN={2068-1038},
organization={IEEE}
}

@incollection{Crompton2013,
  title={{A historical overview of mobile learning: Toward learner-centered education}},
  author={Crompton, Helen},
  booktitle={Handbook of mobile learning},
  pages={3--14},
  year={2013}
}

@article{Wu2012,
  title={Review of trends from mobile learning studies: A meta-analysis},
  author={Wu, Wen-Hsiung and Wu, Yen-Chun Jim and Chen, Chun-Yu and Kao, Hao-Yun and Lin, Che-Hung and Huang, Sih-Han},
  journal={Computers \& Education},
  volume={59},
  number={2},
  pages={817--827},
  year={2012},
  publisher={Elsevier}
}

@inproceedings{Traxler2006,
  title={{Innovative and Sustainable Mobile Learning in Africa}},
  author={Traxler, John and Leach, Jenny},
  booktitle={Proceedings of the 4th IEEE International Workshop on Wireless, Mobile and Ubiquitous Technology in Education (WMUTE'06)},
  pages={98--102},
  year={2006},
  organization={IEEE}
}

@inproceedings{Keegan2005,
  Title                    = {{The Incorporation of Mobile Learning into Mainstream Education and Training}},
  author={Keegan, Desmond},
  booktitle={World Conference on Mobile Learning, Cape Town},
  pages={11},
  year={2005}
}

@inproceedings{Farooq2002,
  title={M-education: bridging the gap of mobile and desktop computing},
  author={Farooq, Umer and Schafer, Wendy and Rosson, Mary Beth and Carroll, John M},
  booktitle={Proceeding of the IEEE International Workshop on Wireless and Mobile Technologies in Education},
  pages={91--94},
  year={2002},
  organization={IEEE}
}

@article{Quinn2000,
  title={mLearning: Mobile, wireless, in-your-pocket learning},
  author={Quinn, Clark},
  journal={LiNE Zine},
  volume={2006},
  year={2000}
}

@article{Kinshuk2003,
  title={Mobile technologies in support of distance learning},
  author={Kinshuk, Suhonen J and Sutinen, Erkki and Goh, Tiong},
  journal={Asian Journal of Distance Education},
  volume={1},
  number={1},
  pages={60--68},
  year={2003}
}

@misc{OMalley2005,
  TITLE = {{Guidelines for learning/teaching/tutoring in a mobile environment}},
  AUTHOR = {O'Malley, Claire and Vavoula, Giasemi and Glew, JP and Taylor, Josie and Sharples, Mike and Lefrere, Paul and Lonsdale, Peter and Naismith, Laura and Waycott, Jenny},
  NOTE = {Public deliverable from the MOBILearn project (D.4.1)},
  YEAR = {2005},
  PDF = {https://hal.archives-ouvertes.fr/hal-00696244/file/OMalley-2005.pdf},
}

@book{Bergin2012,
  title={{Pedagogical Patterns: Advice For Educators}},
  author={Bergin, Joseph and Eckstein, Jutta and Volter, Markus and Sipos, Marianna and Wallingford, Eugene and Marquardt, Klaus and Chandler, Jane and Sharp, Helen and Manns, Mary Lynn},
  year={2012},
  publisher={Joseph Bergin Software Tools}
}

@article{Grossi2014,
  title={Educa{\c{c}}{\~a}o e tecnologia: o telefone celular como recurso de aprendizagem},
  author={Grossi, M{\'a}rcia Gorett Ribeiro and Fernandes, Let{\'\i}cia Carvalho Belchior Emerick},
  journal={EccoS Revista Cient{\'\i}fica},
  number={35},
  pages={47--65},
  year={2014},
  publisher={Universidade Nove de Julho}
}

@article{Behrens2005,
  title={Tecnologia interativa a servi{\c{c}}o da aprendizagem colaborativa num paradigma emergente},
  author={Behrens, Marilda Aparecida},
  journal={Integra{\c{c}}{\~a}o das tecnologias na educa{\c{c}}{\~a}o. Bras{\'\i}lia, DF: MEC, SEED},
  year={2005}
}

@article{Miranda2007,
  title={{Limites e possibilidades das TIC na educa{\c{c}}{\~a}o}},
  author={Miranda, Guilhermina Lobato and others},
  journal={S{\'\i}sifo. Revista de Ci{\^e}ncias da Educa{\c{c}}{\~a}o},
  volume={3},
  pages={41--50},
  year={2007}
}

@book{Pressman2014,
  title={Software Engineering: A Practitioner's Approach},
  author={Pressman, R.S.},
  isbn={9780078022128},
  lccn={2013035493},
  year={2014},
  publisher={McGraw-Hill Education}
}









%----------- MLydia -----------------


@InProceedings{Silva2017_appsedu,
  author    = {Josias Marques Silva and Ellen Francine Barbosa and Maria Lydia Fioravanti and Aracele G. O. Fassbinder},
  title     = {{Uma Ferramenta de Apoio ao Gerenciamento de Padrões para Propósitos Pedagógicos}},
  booktitle = {Anais dos Workshops do VI Congresso Brasileiro de Informática na Educação (WCBIE 2017)},
  year      = {2017},
  address   = {Recife, Pernambuco, Brasil},
  month     = {oct},
  days      = {30-1},
  file      = {:Silva2017_appsedu - Uma Ferramenta De Apoio Ao Gerenciamento De Padrões Para Propósitos Pedagógicos.pdf:PDF},
}

@InProceedings{Fioravanti2016_fie,
  author    = {Maria Lydia Fioravanti and Ellen Francine Barbosa},
  title     = {{A Systematic Mapping on Pedagogical Patterns}},
  booktitle = {Proceedings of the 46th Annual Frontiers in Education Conference (FIE 2016)},
  year      = {2016},
  address   = {Erie, Pennsylvania, USA},
  month     = oct,
  days      = {12},
  keywords  = {Systematic mapping; Pedagogical patterns},
}

@INPROCEEDINGS{Fioravanti2018_fie,
author    = {Maria Lydia Fioravanti and Ellen Francine Barbosa},
TITLE={{A Catalog of Pedagogical Patterns for Learning Applications}},
BOOKTITLE="Proceedings of the 48th Annual Frontiers in Education Conference (FIE 2018)",
ADDRESS="San Jose, USA",
DAYS=3,
MONTH=oct,
YEAR=2018,
}

@InProceedings{Fioravanti2017_plop,
  author    = {Maria Lydia Fioravanti and Ellen Francine Barbosa},
  title     = {{A Pedagogical Pattern Language for Mobile Learning Applications}},
  booktitle = {Proceedings of 24th Conference on Pattern Languages of Programs (PLoP 2017)},
  year      = {2017},
  address   = {Vancouver, BC, Canada},
  month     = {oct},
  days      = {22-25},
}

@InProceedings{Fioravanti2015_sbie,
  author    = {Fioravanti, Maria Lydia and Moreira, R. B. and Barbosa, Ellen Francine},
  title     = {{Utilização de Padrões no Ciclo de Vida de Aplicações de Aprendizagem: Um Mapeamento Sistemático}},
  booktitle = {Proceedings of the XXVI Brazilian Symposium on Computers in Education (SBIE 2015)},
  year      = {2015},
  address   = {Maceió, Alagoas, Brasil},
  month     = {oct},
  days      = {26-30},
  file      = {:Conferências/Fioravanti2015_sbie - Utilização De Padrões No Ciclo De Vida De Aplicações De Aprendizagem_ Um Mapeamento Sistemático.pdf:PDF},
}

@incollection{schwaber1997scrum,
  title={Scrum development process},
  author={Schwaber, Ken},
  booktitle={Business object design and implementation},
  pages={117--134},
  year={1997},
  publisher={Springer}
}

@book{schwaber2002agile,
  title={Agile software development with Scrum},
  author={Schwaber, Ken and Beedle, Mike},
  volume={1},
  year={2002},
  publisher={Prentice Hall Upper Saddle River}
}

@Book{Alexander1979,
  Title                    = {{The Timeless Way of Building}},
  Author                   = {Alexander, Christopher},
  Publisher                = {Oxford University Press},
  Year                     = {1979},
  Address                  = {New York},
  Abstract                 = {This volume provides the opening work in Christopher Alexander's seminal trilogy on architecture (continued in A Pattern Language and The Oregon Experiment). Here he provides a fascinating introduction to the ideas behind the succeeding two books.},
  ISBN                     = {0195024028},
}

@article{ornstein2010desenho,
  title={Desenho Universal, caminhos da acessibilidade no Brasil},
  author={Ornstein, Sheila Walbe and Prado, Adriana Almeida R and Lopes, Maria Elizabete},
  journal={S{\~a}o Paulo: Annablume},
  year={2010}
}

@book{world2016world,
  title={World Health Statistics 2016: Monitoring Health for the Sustainable Development Goals (SDGs).},
  author={OMS},
  year={2016},
  publisher={World Health Organization}
}

@ONLINE{expectativabrasileiros,
    author = "Marli, Mônica",
    title  = "Expectativa de vida do brasileiro sobe para 75,8 anos",
    month  = "dec",
    year   = "2017",
    url    = "https://agenciadenoticias.ibge.gov.br/agencia-noticias/2012-agencia-de-noticias/noticias/18469-expectativa-de-vida-do-brasileiro-sobe-para-75-8-anos.html"
}

@ONLINE{demografico2010disponivel,
    author = "IBGE",
    title  = "Instituto Brasileiro de Geografia e Estatística - Censo Demográfico",
    year   = "2010",
    url    = "https://www.ibge.gov.br/estatisticas-novoportal/sociais/populacao.html"
}

@article{camarano2004vive,
  title={Como vive o idoso brasileiro},
  author={Camarano, Ana Am{\'e}lia and Kanso, Solange and Mello, Juliana L},
  journal={Os novos idosos brasileiros: muito al{\'e}m dos},
  volume={60},
  number={1},
  pages={25--73},
  year={2004}
}

@ONLINE {estatutoidoso,
    author = "Brasil",
    title  = "Estatuto do Idoso",
    month  = "oct",
    year   = "2003",
    url    = "http://www.planalto.gov.br/ccivil_03/leis/2003/L10.741.htm"
}

@book{unesco,
  title={Policy guidelines for mobile learning},
  author={Kraut, Rebecca},
  year={2013},
  publisher={UNESCO}
}

@article{o2005guidelines,
  title={Guidelines for learning/teaching/tutoring in a mobile environment},
  author={O'Malley, Claire and Vavoula, Giasemi and Glew, JP and Taylor, Josie and Sharples, Mike and Lefrere, Paul and Lonsdale, Peter and Naismith, Laura and Waycott, Jenny},
  year={2005}
}


@article{sarrab2015m,
  title={M-learning in education: Omani Undergraduate students perspective},
  author={Sarrab, Mohamed},
  journal={Procedia-Social and Behavioral Sciences},
  volume={176},
  pages={834--839},
  year={2015},
  publisher={Elsevier}
}

@article{kukulska2016waypoints,
  title={Waypoints along learning journeys in a mobile world},
  author={Kukulska-Hulme, Agnes and Sharples, Mike},
  journal={Sustaining mobile learning: theory, research and practice},
  pages={43--56},
  year={2016}
}

@incollection{sharples2009mobile,
  title={Mobile learning},
  author={Sharples, Mike and Arnedillo-S{\'a}nchez, Inmaculada and Milrad, Marcelo and Vavoula, Giasemi},
  booktitle={Technology-enhanced learning},
  pages={233--249},
  year={2009},
  publisher={Springer}
}

@ONLINE {w3cmobile,
    author = "W3C",
    title  = {{Mobile Accessibility at W3C}},
    month  = "oct",
    year   = "2017",
    url    = "https://www.w3.org/WAI/standards-guidelines/mobile/"
}

@article{iso20089241,
  title={9241-171: 2008},
  author={ISO, ISO},
  journal={Ergonomics of human-system interaction—Part},
  volume={171},
  year={2008}
}

@ONLINE {waiw3c,
    author = "W3C",
    title  = {{Web Accessibility Initiative (WAI)}},
    month  = "jul",
    year   = "2005",
    url    = "https://www.w3.org/WAI/ut3/"
}

@article{santos2010concepccoes,
  title={Concep{\c{c}}{\~o}es te{\'o}rico-filos{\'o}ficas sobre envelhecimento, velhice, idoso e enfermagem gerontogeri{\'a}trica},
  author={Santos, Costa and Sidney, Silvana},
  journal={Revista Brasileira de Enfermagem},
  volume={63},
  number={6},
  year={2010},
  publisher={Associa{\c{c}}{\~a}o Brasileira de Enfermagem}
}

@book{whitbourne2010adult,
  title={Adult development and aging: Biopsychosocial perspectives},
  author={Whitbourne, Susan Krauss},
  year={2008},
  publisher={John Wiley \& Sons}
}

@phdthesis{lara2012mecanismos,
  title={Mecanismos de apoio para usabilidade e acessibilidade na intera{\c{c}}{\~a}o de adultos mais velhos na Web},
  author={Lara, Silvana Maria Affonso de},
  year={2012},
  school={Universidade de S{\~a}o Paulo}
}

@incollection{neri2001palavras,
  title={Palavras-chave em gerontologia},
  author={Neri, Anita Liberalesso},
  booktitle={Palavras-chave em gerontologia},
  year={2005}
}

@inproceedings{zemke198430,
  title={30 things we know for sure about adult learning.},
  author={Zemke, Ron and Zemke, Susan},
  booktitle={Innovation Abstracts},
  volume={6},
  number={8},
  pages={n8},
  year={1984},
  organization={ERIC}
}

@book{pierre2010cibercultura,
  title={Cibercultura},
  author={Pierre Levy},
  year={2010},
  publisher={Editora 34}
}



@article{bulcao2009,
  title={Aprendizagem por m-learning},
  author={Bulc{\~a}o, Renato},
  journal={Educa{\c{c}}{\~a}o a Dist{\^a}ncia: estado da arte. S{\~a}o Paulo: Pearson Education do Brasil},
  year={2009}
}



@article{OMalley2003,
  title={Guidelines for learning/teaching/tutoring in a mobile environment. Mobilearn project deliverable},
  author={O’Malley, C and Vavoula, G and Glew, J and Taylor, J and Sharples, M and Lefrere, P},
  journal={Retrieved March},
  volume={24},
  pages={2013},
  year={2003}
}


@article{srivastava2014m,
  title={M-Learning--On Path to Integration with Organisation Systems.},
  author={Srivastava, Shilpa and Gulati, Ved Prakash},
  journal={International Association for Development of the Information Society},
  year={2014},
  publisher={ERIC}
}

@article{mcconatha2008mobile,
  title={Mobile learning in higher education: An empirical assessment of a new educational tool},
  author={Mcconatha, Douglas and Praul, Matt and Lynch, Michael J},
  journal={TOJET: the Turkish online journal of educational technology},
  volume={7},
  number={3},
  year={2008},
  publisher={Sakarya University}
}


@article{Nah2008,
  title={The potential of using a mobile phone to access the Internet for learning EFL listening skills within a Korean context},
  author={Nah, Ki Chune and White, Peter and Sussex, Roland},
  journal={ReCALL},
  volume={20},
  number={03},
  pages={331--347},
  year={2008},
  publisher={Cambridge Univ Press}
}

@article{traxler2007defining,
  title={Defining, Discussing and Evaluating Mobile Learning: The moving finger writes and having writ....},
  author={Traxler, John},
  journal={The International Review of Research in Open and Distributed Learning},
  volume={8},
  number={2},
  year={2007}
}

@incollection{Sharples2009,
          author = {Mike  Sharples  and Inmaculada Amedillo Sanchez and Marcelo Milrad and Giasemi Vavoula },
       booktitle = {Technology Enhanced Learning: Principles and Products},
          editor = {N. Balacheff and S. Ludvigsen and T. de Jong  and S. Barnes },
         address = {Heidelberg, Germany},
           title = {Mobile learning: small devices, big issues},
       publisher = {Springer},
           pages = {233--249},
            year = {2009},
}

@article{Kukulska-Hulme2005,
  title={Mobile teaching and learning},
  author={Kukulska-Hulme, Agnes and Traxler, John},
  journal={Mobile learning-a handbook for educators and trainers},
  pages={25--44},
  year={2005}
}

@article{Kukulska2010,
  title={Mobile learning as a catalyst for change},
  author={Kukulska-Hulme, Agnes},
  journal={Open Learning},
  volume={25},
  number={3},
  pages={181--185},
  year={2010},
  publisher={Taylor \& Francis}
}

@article{Baran2014,
  author = {Baran, Evrim},
  journal = {Educational Technology \& Society},
  number = 4,
  pages = {17-32},
  title = {{A Review of Research on Mobile Learning in Teacher Education}},
  url = {http://dblp.uni-trier.de/db/journals/ets/ets17.html},
  volume = 17,
  year = 2014
}

@book{kraut2013policy,
  title={Policy guidelines for mobile learning},
  author={Kraut, Rebecca},
  year={2013},
  publisher={UNESCO}
}

@phdthesis{duartecontribuiccao,
  title={Uma contribui{\c{c}}{\~a}o ao estabelecimento de uma arquitetura de refer{\^e}ncia para ambientes de aprendizagem m{\'o}vel},
  author={{Duarte Filho}, Nemesio Freitas},
  year={2016},
  school={Universidade de S{\~a}o Paulo}
}

@INPROCEEDINGS{Al-Ani2013, 
	author={Al-Ani, M.F. and Hameed, S.M. and Faisal, L.}, 
	booktitle={e-Learning ``Best Practices in Management, Design and Development of e-Courses: Standards of Excellence and Creativity'' , 2013 Fourth International Conference on}, 
	title={{Students' Perspectives in Adopting Mobile Learning at University of Bahrain}}, 
	year={2013}, 
	month={May}, 
	pages={86-89}
}


@INPROCEEDINGS{Fazlina2013, 
	author={Fazlina, S. and Manap, A.A. and Rias, R.M.}, 
	booktitle={Proceedings of the International Conference on Informatics and Creative Multimedia (ICICM 2013)}, 
	title={{Mobile Learning Awareness among Students at Higher Learning Institutes: A Case Study}}, 
	year={2013}, 
	month={Sept}, 
	pages={226-229}
}

@article{Huang2010,
	title={Effectiveness of a mobile plant learning system in a science curriculum in Taiwanese elementary education},
	author={Huang, Yueh-Min and Lin, Yen-Ting and Cheng, Shu-Chen},
	journal={Computers {\&} Education},
	volume={54},
	number={1},
	pages={47--58},
	year={2010},
	publisher={Elsevier}
}

@INPROCEEDINGS{Picek2013, 
	author={Picek, R. and Grcic, M.}, 
	booktitle={Proceedings of the 35th International Conference on Information Technology Interfaces (ITI 2013)}, 
	title={Evaluation of the potential use of m-learning in higher education}, 
	year={2013}, 
	month={June}, 
	pages={63-68}, 
	ISSN={1334-2762}
}

@article{Looi2014,
	title={Implementing mobile learning curricula in a grade level: Empirical study of learning effectiveness at scale},
	author={Chee-Kit Looi and Daner Sun and Longkai Wu and Peter Seow and Gean Chia and Lung-Hsiang Wong and Elliot Soloway and Cathy Norris},
	journal={Computers {\&} Education},
	volume={77},
	number={0},
	pages={101-115},
	year={2014},
	issn={0360-1315},
}

@article{Abachi2014,
	title = "The impact of m-learning technology on students and educators ",
	journal = "Computers in Human Behavior ",
	volume = "30",
	number = "0",
	pages = "491 - 496",
	year = "2014",
	note = "",
	issn = "0747-5632",
	author = "Hamid R. Abachi and Ghulam Muhammad"
}

@article{torres2002acessibilidade,
  title={A acessibilidade {\`a} informa{\c{c}}{\~a}o no espa{\c{c}}o digital},
  author={Torres, Elisabeth F{\'a}tima and Mazzoni, Alberto Angel and da Mota Alves, Jo{\~a}o Bosco},
  journal={Ci{\^e}ncia da Informa{\c{c}}{\~a}o},
  volume={31},
  number={3},
  year={2002},
  publisher={SciELO Brasil}
}


@inproceedings{petrie2015towards,
  title={Towards a unified definition of web accessibility},
  author={Petrie, Helen and Savva, Andreas and Power, Christopher},
  booktitle={Proceedings of the 12th Web for all Conference},
  pages={35},
  year={2015},
  organization={ACM}
}

@ONLINE {w3cacessibilidade,
    author = "W3C",
    title  = {{Introduction to Web Accessibility}},
    month  = "feb",
    year   = "2018",
    url    = "https://www.w3.org/WAI/fundamentals/accessibility-intro/"
}

@book{da2003design,
  title={Design e avalia{\c{c}}{\~a}o de interfaces humano-computador},
  author={Rocha, Heloisa Vieira and Baranauskas, Maria Cec{\'\i}lia Calani},
  year={2003},
  publisher={Unicamp}
}

@book{monk1993improving,
  title={Improving your human-computer interface: A practical technique},
  author={Monk, Andrew and Davenport, Lora and Haber, Jeanne and Wright, Peter},
  volume={1},
  year={1993},
  publisher={Prentice Hall New York}
}

@ONLINE {bbc,
    author = "BBC",
    title  = "BBC Standards and Guidelines for Mobile Accessibility",
    year   = "2017",
    url    = "http://www.bbc.co.uk/guidelines/futuremedia/accessibility/mobile"
}

@ONLINE {w3c2018,
    author = "W3C",
    title  = {{Web Content Accessibility Guidelines (WCAG) 2.1}},
    year   = "2018",
    url    = "https://www.w3.org/TR/WCAG21/"
}

@book{petticrew2008systematic,
  title={Systematic reviews in the social sciences: A practical guide},
  author={Petticrew, Mark and Roberts, Helen},
  year={2008},
  publisher={John Wiley \& Sons}
}

@MISC{Kitchenham07guidelinesfor,
    author = {B. Kitchenham and S Charters},
    title = {Guidelines for performing Systematic Literature Reviews in Software Engineering},
    year = {2007}
}

@article{brereton2007lessons,
  title={Lessons from applying the systematic literature review process within the software engineering domain},
  author={Brereton, Pearl and Kitchenham, Barbara A and Budgen, David and Turner, Mark and Khalil, Mohamed},
  journal={Journal of systems and software},
  volume={80},
  number={4},
  pages={571--583},
  year={2007},
  publisher={Elsevier}
}

@article{cohen1968weighted,
  title={Weighted kappa: Nominal scale agreement provision for scaled disagreement or partial credit.},
  author={Cohen, Jacob},
  journal={Psychological bulletin},
  volume={70},
  number={4},
  pages={213},
  year={1968},
  publisher={American Psychological Association}
}

@Article{Almeida2011,
author="Almeida, Aitor
and Ordu{\~{n}}a, Pablo
and Castillejo, Eduardo
and L{\'o}pez-de-Ipi{\~{n}}a, Diego
and Sacrist{\'a}n, Marcos",
title="Imhotep: an approach to user and device conscious mobile applications",
journal="Personal and Ubiquitous Computing",
year="2011",
month="Apr",
day="01",
volume="15",
number="4",
pages="419--429",
abstract="As the dependence on mobile devices increases, the need for supporting a wider range of users and devices becomes crucial. Elders and people with disabilities adopt new technologies reluctantly, a tendency caused by the lack of adaptation of these technologies to their needs. To address this challenge, this paper describes a framework, Imhotep, whose aim is to aid developers in the accessible application creation process, making the creation of user-centered applications easier and faster. Our framework allows to easily adapt the applications to the constraints imposed by the user capabilities (sensorial, cognitive, and physical capabilities) and device capabilities by providing a repository that will manage the compilation and deployment of applications that include a set of preprocessor directives in the source code. These directives are enhanced with concepts that are automatically adjusted to the current trends of mobile devices by using a Fuzzy Knowledge-Eliciting Reasoner. Our final goal is to increase the number of applications targeted to elders and people with disabilities providing tools that facilitate their development. The paper also describes the evaluation of both the accuracy of the fuzzy terms generated for mobile devices and the usability of the proposed platform.",
issn="1617-4917",
doi="10.1007/s00779-010-0359-8",
url="https://doi.org/10.1007/s00779-010-0359-8"
}

@article{matsunaga2005universal,
  title={Universal design activities for mobile phone: Raku Raku phone},
  author={Matsunaga, VTIVK and Nagano, V Yukinori},
  journal={Fujitsu Sci. Tech. J},
  volume={41},
  number={1},
  pages={78--85},
  year={2005}
}






@article{giubilei1993pedagogia,
  title={Uma pedagogia para o idoso},
  author={Giubilei, S{\^o}nia},
  journal={A terceira idade},
  volume={5},
  number={7},
  pages={10--14},
  year={1993}
}

@article{su2013mobile,
  title={A mobile game-based insect learning system for improving the learning achievements},
  author={Su, Chung-Ho and Cheng, Ching-Hsue},
  journal={Procedia-Social and Behavioral Sciences},
  volume={103},
  pages={42--50},
  year={2013},
  publisher={Elsevier}
}


@article{teixeira2017design,
  title={Design and development of Medication Assistant: older adults centred design to go beyond simple medication reminders},
  author={Teixeira, Ant{\'o}nio and Ferreira, Fl{\'a}vio and Almeida, Nuno and Silva, Samuel and Rosa, Ana Filipa and Pereira, Jos{\'e} Casimiro and Vieira, Diogo},
  journal={Universal Access in the Information Society},
  volume={16},
  number={3},
  pages={545--560},
  year={2017},
  publisher={Springer}
}

@inproceedings{dos2016personalizing,
  title={Personalizing health-related ICT interface and application: older adults and elderly caregivers preferences},
  author={dos Santos, Mariane MT and Antonelli, Humberto Lidio and Rodrigues, Sandra Souza and de O Silva, Caroline L and Fortes, Renata PM and Castro, Paula Costa},
  booktitle={Proceedings of the 7th International Conference on Software Development and Technologies for Enhancing Accessibility and Fighting Info-exclusion},
  pages={331--338},
  year={2016},
  organization={ACM}
}

@inproceedings{ferron2015mobile,
  title={Mobile for older adults: towards designing multimodal interaction},
  author={Ferron, Michela and Mana, Nadia and Mich, Ornella},
  booktitle={Proceedings of the 14th International Conference on Mobile and Ubiquitous Multimedia},
  pages={373--378},
  year={2015},
  organization={ACM}
}

@inproceedings{de2016analysis,
  title={An analysis of application usage for notes and reminders by older persons-ElderNote Case study},
  author={de A Melo, Josias E and Rodrigues, Sandra Souza and Martins, Guilherme A and Antonelli, Humberto Lidio and Fortes, Renata PM and Castro, Paula Costa},
  booktitle={Proceedings of the 7th International Conference on Software Development and Technologies for Enhancing Accessibility and Fighting Info-exclusion},
  pages={339--345},
  year={2016},
  organization={ACM}
}

@inproceedings{blanco2015accessible,
  title={Accessible Mobile Biometrics for Elderly},
  author={Blanco-Gonzalo, Ramon and Sanchez-Reillo, Raul and Martinez-Normand, L{\"o}ic and Fernandez-Saavedra, Belen and Liu-Jimenez, Judith},
  booktitle={Proceedings of the 17th International ACM SIGACCESS Conference on Computers \& Accessibility},
  pages={419--420},
  year={2015},
  organization={ACM}
}

@inproceedings{massimi2007using,
  title={Using participatory activities with seniors to critique, build, and evaluate mobile phones},
  author={Massimi, Michael and Baecker, Ronald M and Wu, Michael},
  booktitle={Proceedings of the 9th international ACM SIGACCESS conference on Computers and accessibility},
  pages={155--162},
  year={2007},
  organization={ACM}
}

@article{angeletou2013need,
  title={I need to know, i cannot, i don’t understand: older users’ requirements for a navigation application},
  author={Angeletou, Angeliki and Garschall, Markus and Hochleitner, Christina and Tscheligi, Manfred},
  journal={Assistive Technology: From Research to Practice},
  volume={33},
  pages={34--39},
  year={2013}
}

@article{article,
author = {Pustišek, Matevž and Peternel, K},
year = {2011},
month = {01},
pages = {1073-1081},
title = {An inclusive mobile texting system},
volume = {29},
booktitle = {Assistive Technology Research Series}
}

@inproceedings{ziat2016frontpanel,
  title={FrontPanel: Tangible User Interface for Touch-Screens Dedicated to Elderly},
  author={Ziat, Mounia and Yao, Hsin-Yun and Schmitt, Rachel and Hayward, Vincent},
  booktitle={Proceedings of the 2016 CHI Conference Extended Abstracts on Human Factors in Computing Systems},
  pages={3808--3811},
  year={2016},
  organization={ACM}
}

@inproceedings{olwal2011oldgen,
  title={OldGen: Mobile phone personalization for older adults},
  author={Olwal, Alex and Lachanas, Dimitris and Zacharouli, Ermioni},
  booktitle={Proceedings of the SIGCHI Conference on Human Factors in Computing Systems},
  pages={3393--3396},
  year={2011},
  organization={ACM}
}

@article{balata2015koalaphone,
  title={KoalaPhone: touchscreen mobile phone UI for active seniors},
  author={Balata, Jan and Mikovec, Zdenek and Slavicek, Tomas},
  journal={Journal on Multimodal User Interfaces},
  volume={9},
  number={4},
  pages={263--273},
  year={2015},
  publisher={Springer}
}

@inproceedings{ruzic2016development,
  title={Development of Universal Design Mobile Interface Guidelines (UDMIG) for Aging Population},
  author={Ruzic, Ljilja and Lee, Seunghyun Tina and Liu, Yilin Elaine and Sanford, Jon A},
  booktitle={International Conference on Universal Access in Human-Computer Interaction},
  pages={98--108},
  year={2016},
  organization={Springer}
}

@inproceedings{hsieh2015developing,
  title={Developing Mobile Application Design of Virtual Pets for Caring for the Elderly},
  author={Hsieh, Hsiu Ching Laura},
  booktitle={International Conference on Human Aspects of IT for the Aged Population},
  pages={269--277},
  year={2015},
  organization={Springer}
}

@inproceedings{arab2013evaluation,
  title={Evaluation of PhonAge: an adapted smartphone interface for elderly people},
  author={Arab, Farah and Malik, Yasir and Abdulrazak, Bessam},
  booktitle={IFIP Conference on Human-Computer Interaction},
  pages={547--554},
  year={2013},
  organization={Springer}
}

@inproceedings{al2012touch,
  title={Touch-based mobile phone interface guidelines and design recommendations for elderly people: A survey of the literature},
  author={Al-Razgan, Muna S and Al-Khalifa, Hend S and Al-Shahrani, Mona D and AlAjmi, Hessah H},
  booktitle={International Conference on Neural Information Processing},
  pages={568--574},
  year={2012},
  organization={Springer}
}

@inproceedings{hellman2007universal,
  title={Universal design and mobile devices},
  author={Hellman, Riitta},
  booktitle={International Conference on Universal Access in Human-Computer Interaction},
  pages={147--156},
  year={2007},
  organization={Springer}
}

@inproceedings{diaz2014towards,
  title={Towards mobile accessibility for older people: a user centered evaluation},
  author={Dìaz-Bossini, José-Manuel and Moreno, Lourdes and Martínez, Paloma},
  pages={58--68},
  year={2014},
  organization={Springer}
}

@inproceedings{caliz2014usability,
  title={Usability evaluation method for mobile applications for the elderly: a methodological proposal},
  author={C{\'a}liz, Doris and Alam{\'a}n, Xavier},
  booktitle={International Workshop on Ambient Assisted Living},
  pages={252--260},
  year={2014},
  organization={Springer}
}

@article{navabi2016older,
  title={Older adults’ attitudes and barriers toward the use of mobile phones},
  author={Navabi, Nasrin and Ghaffari, Fatemeh and Jannat-Alipoor, Zahra},
  journal={Clinical interventions in aging},
  volume={11},
  pages={1371},
  year={2016},
  publisher={Dove Press}
}

@article{motti2015improving,
  title={Improving accessibility of tactile interaction for older users: lowering accuracy requirements to support drag-and-drop interaction},
  author={Motti, Lilian Genaro and Vigouroux, Nadine and Gorce, Philippe},
  journal={Procedia Computer Science},
  volume={67},
  pages={366--375},
  year={2015},
  publisher={Elsevier}
}

@article{diaz2014accessibility,
  title={Accessibility to mobile interfaces for older people},
  author={D{\'\i}az-Bossini, Jos{\'e}-Manuel and Moreno, Lourdes},
  journal={Procedia Computer Science},
  volume={27},
  pages={57--66},
  year={2014},
  publisher={Elsevier}
}

@article{holzinger2011effect,
  title={The effect of previous exposure to technology on acceptance and its importance in usability and accessibility engineering},
  author={Holzinger, Andreas and Searle, Gig and Wernbacher, Michaela},
  journal={Universal Access in the Information Society},
  volume={10},
  number={3},
  pages={245--260},
  year={2011},
  publisher={Springer}
}

@article{renaud2010worth,
  title={Worth-centred mobile phone design for older users},
  author={Renaud, Karen and van Biljon, Judy},
  journal={Universal Access in the Information Society},
  volume={9},
  number={4},
  pages={387--403},
  year={2010},
  publisher={Springer}
}

@inproceedings{edlin2011accessibility,
  title={Accessibility for older users through adaptive interfaces: opportunities, challenges and achievements},
  author={Edlin-White, Rob and Cobb, Sue and D’Cruz, Mirabelle and Floyde, Anne and Lewthwaite, Sarah and Riedel, Johann},
  booktitle={International Conference on Human-Computer Interaction},
  pages={483--489},
  year={2011},
  organization={Springer}
}

@article{stone2008mobile,
  title={Mobile touch interfaces for the elderly},
  author={Stone, RG},
  year={2008},
  publisher={{\copyright} International Association for Development of the Information Society (IADIS)}
}

@article{fondevila2015elders,
  title={How elders evaluate apps: A contribution to the study of smartphones and to the analysis of the usefulness and accessibility of ICTS for older adults},
  author={Fondevila Gasc{\'o}n, Joan Francesc and Carreras Alcalde, Marta and Seebach, Swen and Pesqueira Zamora, Mar{\'\i}a Jes{\'u}s},
  journal={Mobile Media \& Communication},
  volume={3},
  number={2},
  pages={250--266},
  year={2015},
  publisher={SAGE Publications Sage UK: London, England}
}

@article{almeida2011imhotep,
  title={Imhotep: an approach to user and device conscious mobile applications},
  author={Almeida, Aitor and Ordu{\~n}a, Pablo and Castillejo, Eduardo and Lopez-de-Ipi{\~n}a, Diego and Sacrist{\'a}n, Marcos},
  journal={Personal and Ubiquitous Computing},
  volume={15},
  number={4},
  pages={419--429},
  year={2011},
  publisher={Springer}
}

@article{fortes2015review,
  title={A review of senescent's motivation in the use of tactile devices},
  author={Fortes, Renata Pontin M and Martins, Guilherme Almeida and Castro, Paula Costa},
  journal={Procedia Computer Science},
  volume={67},
  pages={376--387},
  year={2015},
  publisher={Elsevier}
}

@inproceedings{krainz2016accessible,
  title={Accessible way finding on mobile devices for different user groups},
  author={Krainz, Elmar and Lind, Viktoria and Moser, Werner and Dornhofer, Markus},
  booktitle={Proceedings of the 18th International Conference on Human-Computer Interaction with Mobile Devices and Services Adjunct},
  pages={799--806},
  year={2016},
  organization={ACM}
}

@article{pedlow2010barriers,
  title={Barriers to the adoption of cell phones for older people with impairments in the USA: Results from an expert review and field study},
  author={Pedlow, Robert and Kasnitz, Devva and Shuttleworth, Russell},
  journal={Technology and Disability},
  volume={22},
  number={3},
  pages={147--158},
  year={2010},
  publisher={IOS Press}
}

@inproceedings{conde2014mobile,
  title={Mobile apps repository for older people},
  author={Conde, Miguel {\'A} and Garc{\'\i}a-Pe{\~n}alvo, Francisco Jos{\'e} and Matell{\'a}n-Olivera, V},
  booktitle={Proceedings of the Second International Conference on Technological Ecosystems for Enhancing Multiculturality},
  pages={725--731},
  year={2014},
  organization={ACM}
}

@MISC{Google2018a,
  title = {Material Design para Android},  
  author = {Google, Inc.},
  year = {2018},
  url = {https://developer.android.com/design/material/?hl=pt-br},
  urlaccessdate = {27 out. 2018}
}

@MISC{MDGuidelines,
  year = {2018},
  url = {https://material.io/design/guidelines-overview/},
  urlaccessdate = {27 out. 2018},
  author = {Google, Inc.},
  title = {Guidelines}
}

@article{azevedo2004uso,
  title={O uso cr{\'\i}tico-criativo da www/Internet no desenvolvimento de qualidades inteligentes e na amplia{\c{c}}{\~a}o da mem{\'o}ria de idosos},
  author={Azevedo e Souza, Valdemarina and Portal, LF},
  journal={Portugal: WWW/Internet},
  pages={485--488},
  year={2004}
}

@inproceedings{petersen2008systematic,
  title={Systematic Mapping Studies in Software Engineering.},
  author={Petersen, Kai and Feldt, Robert and Mujtaba, Shahid and Mattsson, Michael},
  booktitle={EASE},
  volume={8},
  pages={68--77},
  year={2008}
}

@misc{united2012ageing,
  title={Ageing in the twenty-first century: A celebration and a challenge},
  author={UNPF},
  year={2012},
  publisher={United Nations Population Fund New York, NY}
}

@article{freitas2011direitos,
  title={Direitos e garantias do idoso: doutrina, jurisprud{\^e}ncia e legisla{\c{c}}{\~a}o},
  author={{FREITAS JUNIOR}, Roberto Mendes de},
  year={2015},
  publisher={São Paulo, Atlas}
}

@article{veras2015processo,
  title={Processo de envelhecimento: um olhar do idoso},
  author={Veras, Mara Lu{\'\i}za Melo and Teixeira, Rafaella Sousa and Granja, Fernanda Blenda Cavalcanti and Batista, Maria do Ros{\'a}rio F{\'a}tima Franco},
  journal={Revista Interdisciplinar},
  volume={8},
  number={2},
  pages={113--122},
  year={2015}
}

@book{fontaine2000psicologia,
  title={Psicologia do envelhecimento},
  author={Fontaine, Roger},
  year={2000}
}

@article{neri2001paradigmas,
  title={Paradigmas contempor{\^a}neos sobre o desenvolvimento humano em psicologia e em sociologia},
  author={Neri, Anita Liberalesso},
  journal={Desenvolvimento e envelhecimento: perspectivas biol{\'o}gicas, psicol{\'o}gicas e sociol{\'o}gicas},
  volume={2},
  pages={11--37},
  year={2001},
  publisher={Papirus Campinas}
}

@article{fechine2015processo,
  title={O processo de envelhecimento: as principais altera{\c{c}}{\~o}es que acontecem com o idoso com o passar dos anos},
  author={Fechine, Bas{\'\i}lio Rommel Almeida and Trompieri, Nicolino},
  journal={InterSciencePlace},
  volume={1},
  number={20},
  year={2015}
}

@article{alberte2015qualidade,
  title={Qualidade de vida e vari{\'a}veis associadas ao envelhecimento patol{\'o}gico},
  author={Alberte, Josiane de Souza Pinto and Ruscalleda, Regina Maria Innocencio and Guariento, Maria Elena},
  journal={Rev Soc Bras Clin Med [Internet]},
  volume={13},
  number={1},
  pages={32--9},
  year={2015}
}

@misc{lima2003saude,
  title={Sa{\'u}de p{\'u}blica e envelhecimento},
  author={Lima-Costa, Maria Fernanda and Veras, Renato},
  year={2003},
  publisher={SciELO Public Health}
}

@article{pelloso2001gerontologia,
  title={Gerontologia Educacional-uma pedagogia espec{\'\i}fica para o idoso},
  author={Lima, Mari{\'u}za Pellozo},
  journal={Uma nova concep{\c{c}}{\~a}o de velhice. S{\~a}o Paulo: Editora LTr},
  year={2001}
}

@article{economides2008requirements,
  title={Requirements of mobile learning applications},
  author={Economides, Anastasios A},
  journal={International Journal of Innovation and Learning},
  volume={5},
  number={5},
  pages={457--479},
  year={2008},
  publisher={Inderscience Publishers}
}

@article{koole2009model,
  title={A model for framing mobile learning},
  author={Koole, Marguerite L},
  journal={Mobile learning: Transforming the delivery of education and training},
  volume={1},
  number={2},
  pages={25--47},
  year={2009}
}

@inproceedings{soad2017reqml,
  title={ReqML-catalog: The road to a requirements catalog for mobile learning applications},
  author={Soad, Gustavo Willians and Fioravanti, Maria Lydia and Falvo, Venilton and Marcolino, Anderson and Duarte Filho, Nem{\'e}sio Freitas and Barbosa, Ellen Francine},
  booktitle={Frontiers in Education Conference (FIE)},
  pages={1--9},
  year={2017},
  organization={IEEE}
}

@article{hayflick1996envelhecemos,
  title={Como e por que envelhecemos},
  author={Hayflick, Leonard and others},
  journal={Rio de janeiro: Campus},
  volume={2},
  year={1997}
}

@article{oliveira2002ensinar,
  title={O ensinar e o aprender com a terceira idade},
  author={Oliveira, Fl{\'a}via da Silva and Oliveira, Rita de C{\'a}ssia da Silva},
  journal={Retirado em maio},
  volume={15},
  pages={2010},
  year={2002}
}

@phdthesis{soadavaliaccao,
  title={Avalia{\c{c}}{\~a}o de qualidade em aplicativos educacionais m{\'o}veis},
  author={Soad, Gustavo Willians},
  school={Universidade de S{\~a}o Paulo},
  year={2017}
}

@misc{world2015authoring,
  title={Authoring tool accessibility guidelines (ATAG) 2.0},
  author={W3C},
  year={2015}, 
  url="https://www.w3.org/TR/ATAG20/"
}

@misc{word2010user,
  title={User agent accessibility guidelines (UAAG) 2.0},
  author={W3C},
  year={2015},
  url="https://www.w3.org/TR/UAAG20/"
}

@misc{world2010mobile,
  title={Mobile Web Application Best Practices},
  author={W3C},
  year={2010},
  url= "https://www.w3.org/TR/mwabp/"
}

@misc{world2008mobile,
  title={Mobile Web Best Practices},
  author={W3C},
  year={2008},
  url= "https://www.w3.org/TR/mobile-bp/"
}

@article{von2007escrever,
  title={Como Escrever Propostas de Plano de Trabalho, Monografia, Disserta{\c{c}}{\~a}o ou Tese},
  author={von Staa, Arndt},
  year={2007}
}

@book{Dix:2003,
 author = {Dix, Alan and Finlay, Janet E. and Abowd, Gregory D. and Beale, Russell},
 title = {Human-Computer Interaction (3rd Edition)},
 year = {2003},
 isbn = {0130461091},
 publisher = {Prentice-Hall, Inc.},
 address = {Upper Saddle River, NJ, USA},
} 

@Book{Lazar:2010,
  Title                    = {Research methods in human-computer interaction},
  Address                  = {United Kingdom},
  Author                   = {Lazar, Jonathan and Feng, Jinjuan Heidi and Hochheiser, Harry},
  Publisher                = {John Wiley \& Sons},
  Year                     = {2010},

  Edition                  = {1},
  ISBN                     = {978-0-470-72337-1},
  Pages                    = {426}
}


@article{justinmind,
  title={JustInMind},
  author={Farrell-Vinary, P},
  journal={ACM SIGSOFT Software Engineering Notes},
  volume={36},
  number={3},
  pages={34--35},
  year={2011},
  publisher={ACM}
}

@inproceedings{oliveira2018crossword,
  title={An analysis of Crossword Learning: a mobile application for the elderly},
  author={Oliveira, C. D. and Fortes, R. P. M. and Barbosa, E. F.},
  booktitle={20th International Conference on Human-Computer Interaction/HCI International},
  note={Las Vegas, Nevada USA, 15-20 July},
  year={2018},
  organization={Springer}
}

@article{gerhardt2009aspectos,
  title={Aspectos te{\'o}ricos e conceituais},
  author={Gerhardt, Tatiana Engel and Souza, Aline Corr{\^e}a},
  journal={M{\'e}todos de Pesquisa. Porto Alegre: Editora da UFRGS},
  year={2009}
}

@InProceedings{6926478,
  Title                    = {{A New Method of Learning: M-Learning (Mobile Learning)}},
  Author                   = {Bhullar, M.S.},
  Booktitle                = {Int. Conf. on Computer Science Education (ICCSE)},
  Year                     = {2014},
  Month                    = {Aug},
  Pages                    = {322-325}
}

@Article{raey2015,
  Title                    = {{A Model Driven Framework to Address Challenges in a Mobile Learning Environment}},
  Author                   = {Khaddage, Ferial and Christensen, Rhonda and Lai, Wing and Knezek, Gerald and Norris, Cathie and Soloway, Elliot},
  Journal                  = {Education and Information Technologies},
  Year                     = {2015},
  Pages                    = {1-16},

  Publisher                = {Springer US}
}

@Article{Toteja2012538,
  Title                    = {{Usefulness of M-Devices in Education: A Survey}},
  Author                   = {Ravi Toteja and Sarita Kumar},
  Journal                  = {Procedia - Social and Behavioral Sciences },
  Year                     = {2012},
  Number                   = {0},
  Pages                    = {538 - 544},
  Volume                   = {67},

  ISSN                     = {1877-0428}
}

@misc{moreira2018special,
  title={A Special Issue on Disruption of higher education in the 21st century due to ICTs},
  author={Moreira, Fernando and Rocha, {\'A}lvaro},
  year={2018},
  publisher={Elsevier}
}



@article{bano2018mobile,
  title={Mobile learning for science and mathematics school education: A systematic review of empirical evidence},
  author={Bano, Muneera and Zowghi, Didar and Kearney, Matthew and Schuck, Sandra and Aubusson, Peter},
  journal={Computers \& Education},
  volume={121},
  pages={30--58},
  year={2018},
  publisher={Elsevier}
}

@article{liu2010understanding,
  title={Understanding the factors driving m-learning adoption: a literature review},
  author={Liu, Yong and Han, Shengnan and Li, Hongxiu},
  journal={Campus-Wide Information Systems},
  volume={27},
  number={4},
  pages={210--226},
  year={2010},
  publisher={Emerald Group Publishing Limited}
}

@article{el2010defining,
  title={Defining mobile learning in the higher education landscape.},
  author={El-Hussein, Mohamed and Osman, Mohamed and Cronje, Johannes C},
  journal={Journal of Educational Technology \& Society},
  volume={13},
  number={3},
  year={2010},
  publisher={JSTOR}
}

@phdthesis{rodriguesavaliaccao,
  title={Avalia{\c{c}}{\~a}o de acessibilidade e usabilidade na Web: um apoio com foco nos usu{\'a}rios senescentes},
  author={Rodrigues, Sandra Souza},
  year={2016},
  school={Universidade de S{\~a}o Paulo}
}

@article{brasil2015lei,
  title={Lei n. 13.146, de 6 de julho de 2015. Institui a Lei Brasileira de Inclus{\~a}o da Pessoa com Defici{\^e}ncia (Estatuto da Pessoa com Defici{\^e}ncia)},
  author={Brasil},
  journal={Di{\'a}rio Oficial da Uni{\~a}o},
  year={2015}
}

@inproceedings{brajnik2008beyond,
  title={Beyond conformance: the role of accessibility evaluation methods},
  author={Brajnik, Giorgio},
  booktitle={International Conference on Web Information Systems Engineering},
  pages={63--80},
  year={2008},
  organization={Springer}
}
@article{brajnikyesiladaharper,
author = { Giorgio   Brajnik  and  Yeliz   Yesilada  and  Simon   Harper },
title = {The Expertise Effect on Web Accessibility Evaluation Methods},
journal = {Human–Computer Interaction},
volume = {26},
number = {3},
pages = {246-283},
year  = {2011},
publisher = {Taylor \& Francis},
doi = {10.1080/07370024.2011.601670},
URL = {https://www.tandfonline.com/doi/abs/10.1080/07370024.2011.601670},
eprint = {https://www.tandfonline.com/doi/pdf/10.1080/07370024.2011.601670}
}

@article{winckler2002avaliaccao,
  title={Avalia{\c{c}}{\~a}o de usabilidade de sites web},
  author={Winckler, Marco and Pimenta, Marcelo Soares},
  journal={Escola Regional de Inform{\'a}tica. Porto Alegre: SBC},
  pages={1--54},
  year={2002}
}

@inproceedings{nielsen1994usability,
  title={Heuristic evaluation},
  author={Nielsen, Jakob},
  booktitle={Usability inspection methods},
  pages={25--62},
  year={1994},
  organization={ACM}
}

@misc{teleco,
  title={Estat{\'\i}sticas de celulares no Brasil},
  author={Consultoria, Teleco},
  year={2012}
}

@article{gil2002elaborar,
  title={Como elaborar projetos de pesquisa},
  author={Gil, Antonio Carlos},
  journal={S{\~a}o Paulo},
  volume={5},
  number={61},
  pages={16--17},
  year={2002}
}

@inproceedings{de2018estudo,
  title={Um estudo sobre o uso de dispositivos m{\'o}veis e aplica{\c{c}}{\~o}es de aprendizagem m{\'o}vel com foco em usu{\'a}rios idosos},
  author={Oliveira, Camila Dias and Fortes, Renata Pontin de Mattos and Barbosa, Ellen Francine},
  booktitle={Brazilian Symposium on Computers in Education (Simp{\'o}sio Brasileiro de Inform{\'a}tica na Educa{\c{c}}{\~a}o-SBIE)},
  volume={29},
  number={1},
  pages={1133},
  year={2018}
}

@inproceedings{de2018accessibility,
  title={Accessibility in mobile applications for elderly users: a systematic mapping},
  author={Oliveira, Camila Dias and Fioravanti, Maria Lydia and Fortes, Renata Pontin de Mattos and Barbosa, Ellen Francine},
  booktitle={2018 IEEE Frontiers in Education Conference (FIE)},
  pages={1--9},
  year={2018},
  organization={IEEE}
}


@misc{Oliveira2019_quali,
  note    = {Qualificação de Doutorado, ICMC/USP, S\~ao Carlos, SP},
  author  = {Oliveira, Camila Dias},
  title   = {Aplicações educacionais móveis para idosos: diretrizes pedagógicas e de acessibilidade},
  year    = {2019},
  address = {S\~ao Carlos, SP},
  url = {icmc.usp.br/e/14d44}
}